@misc{Zdroj,
	author = "Ido Bachelete",
	title = "DNA nanobots",
	howpublished = "\url{http://nextbigfuture.com/2014/12/ido-bachelet-announces-2015-human-trial.html?m=1}",
	day = "21",
	month = "feb",
	year = "2015",
}